@inproceedings{ProB,
  title     = {Pro{B}: A Model Checker for {B}},
  author    = {Michael Leuschel and Michael Butler},
  booktitle = {FME 2003: Formal Methods},
  editor    = {Araki, Keijiro and Gnesi, Stefania and Mandrioli, Dino},
  publisher = {Springer-Verlag},
  series    = {LNCS 2805},
  year      = 2003,
  pages     = {855--874},
  isbn      = {3-540-40828-2},
  doi       = {10.1007/978-3-540-45236-2\_46}
}

@article{ProB_2,
  title     = {\href{http://dx.doi.org/10.1007/s10009-007-0063-9}{{ProB}: an automated analysis toolset for the {B} method}},
  author    = {Michael Leuschel and
               Michael J. Butler},
  journal   = {STTT},
  volume    = {10},
  number    = {2},
  year      = {2008},
  pages     = {185--203},
  ee        = {http://dx.doi.org/10.1007/s10009-007-0063-9},
  bibsource = {DBLP, http://dblp.uni-trier.de}
}

@inproceedings{Z3,
  title        = {Z3: An efficient SMT solver},
  author       = {De Moura, Leonardo and Bj{\o}rner, Nikolaj},
  booktitle    = {International conference on Tools and Algorithms for the Construction and Analysis of Systems},
  pages        = {337--340},
  year         = {2008},
  organization = {Springer}
}

@inproceedings{Z3_2,
  title     = {\href{https://doi.org/10.1007/978-3-540-78800-3_24}{Z3: An Efficient SMT Solver}},
  author    = {de Moura, Leonardo and Bj{\o}rner, Nikolaj},
  editor    = {Ramakrishnan, C. R. and Rehof, Jakob},
  booktitle = {Tools and Algorithms for the Construction and Analysis of Systems},
  year      = {2008},
  publisher = {Springer Berlin Heidelberg},
  address   = {Berlin, Heidelberg},
  pages     = {337--340},
  isbn      = {978-3-540-78800-3}
}

@manual{ZeroMQ,
  title        = {\href{https://zeromq.org}{ZeroMQ: An open-source universal messaging library}},
  author       = {Pieter Hintjens},
  year         = {2024},
  note         = {Version 4.3.4},
  url          = {https://zeromq.org},
  howpublished = {\url{https://zeromq.org}}
}

@book{ZeroMQ_2,
  title     = {ZeroMQ: messaging for many applications},
  author    = {Hintjens, Pieter},
  year      = {2013},
  publisher = {" O'Reilly Media, Inc."}
}
