@article{methodik,
  title   = {Social engineering attack mitigation},
  author  = {Zulkurnain, Ahmad Uways and Hamidy, AKBK and Husain, Affandi Bin and Chizari, Hassan},
  journal = {International Journal of Mathematics and Computational Science},
  volume  = {1},
  number  = {4},
  pages   = {188--198},
  year    = {2015}
}

@article{survey,
  title     = {Social engineering attacks: A survey},
  author    = {Salahdine, Fatima and Kaabouch, Naima},
  journal   = {Future internet},
  volume    = {11},
  number    = {4},
  pages     = {89},
  year      = {2019},
  publisher = {MDPI}
}

@inproceedings{ffm,
  author    = {Uebelacker, Sven and Quiel, Susanne},
  booktitle = {2014 Workshop on Socio-Technical Aspects in Security and Trust},
  title     = {The Social Engineering Personality Framework},
  year      = {2014},
  month     = {Juli},
  pages     = {24-30},
  doi       = {10.1109/STAST.2014.12}
}

@techreport{bka,
  author      = {BKA},
  title       = {Social Engineering / CEO-fraud},
  institution = {BKA},
  year        = {2017},
  month       = {Oktober}
}
